# 研究背景
misc{singhal_2012, 
    url={https://blog.google/products/search/introducing-knowledge-graph-things-not/}, 
    journal={Introducing The Knowledge Graph: Things, Not Strings}, 
    publisher={Google}, 
    author={Singhal, Amit}, 
    year={2012}
}

@article{nickel2015review,
    title={A Review of Relational Machine Learning for Knowledge Graphs},
    author={Nickel, Maximilian and Murphy, Kevin and Tresp, Volker and others},
    journal={Proceedings of the IEEE},
    volume={104},
    number={1},
    pages={11--33},
    year={2015},
    publisher={IEEE}
}

@article{noy2019industry,
    title={Industry-scale Knowledge Graphs: Lessons and Challenges: Five Diverse Technology Companies Show How It’s Done},
    author={Noy, Natasha and Gao, Yuqing and Jain, Anshu and others},
    journal={Queue},
    volume={17},
    number={2},
    pages={48--75},
    year={2019},
    publisher={ACM New York, NY, USA}
}

@article{rinaldi2021semantic,
    title={A Semantic Approach for Document Classification Using Deep Neural Networks and Multimedia Knowledge Graph},
    author={Rinaldi, Antonio M and Russo, Cristiano and Tommasino, Cristian},
    journal={Expert Systems with Applications},
    volume={169},
    pages={114320},
    year={2021},
    publisher={Elsevier}
}

@article{sarhan2021open,
    title={Open-cykg: An Open Cyber Threat Intelligence Knowledge Graph},
    author={Sarhan, Injy and Spruit, Marco},
    journal={Knowledge-Based Systems},
    volume={233},
    pages={107524},
    year={2021},
    publisher={Elsevier}
}

@article{li2021research,
    title={Research on Distributed Search Technology of Multiple Data Sources Intelligent Information based on Knowledge Graph},
    author={Li, Jihong and Wang, Zhiqiang and Wang, Yuan and others},
    journal={Journal of Signal Processing Systems},
    volume={93},
    number={2},
    pages={239--248},
    year={2021},
    publisher={Springer}
}

@article{li2021improving,
    title={On Improving Knowledge Graph Facilitated Simple Question Answering System},
    author={Li, Xin and Zang, Hongyu and Yu, Xiaoyun and others},
    journal={Neural Computing and Applications},
    volume={33},
    number={16},
    pages={10587--10596},
    year={2021},
    publisher={Springer}
}

@article{do2021developing,
    title={Developing A Vietnamese Tourism Question Answering System Using Knowledge Graph and Deep Learning},
    author={Do, Phuc and Phan, Truong HV and Gupta, Brij B},
    journal={Transactions on Asian and Low-resource Language Information Processing},
    volume={20},
    number={5},
    pages={1--18},
    year={2021},
    publisher={ACM New York, NY}
}

@article{zhou2021geoscience,
    title={Geoscience Knowledge Graph in the Big Data Era},
    author={Zhou, Chenghu and Wang, Hua and Wang, Chengshan and others},
    journal={Science China Earth Sciences},
    volume={64},
    number={7},
    pages={1105--1114},
    year={2021},
    publisher={Springer}
}

@article{abu2021relational,
    title={Relational Learning Analysis of Social Politics Using Knowledge Graph Embedding},
    author={Abu-Salih, Bilal and Al-Tawil, Marwan and Aljarah, Ibrahim and others},
    journal={Data Mining and Knowledge Discovery},
    volume={35},
    number={4},
    pages={1497--1536},
    year={2021},
    publisher={Springer}
}

@article{hogan2021knowledge,
    title={Knowledge Graphs},
    author={Hogan, Aidan and Blomqvist, Eva and Cochez, Michael and others},
    journal={ACM Computing Surveys},
    volume={54},
    number={4},
    pages={1--37},
    year={2021},
    publisher={ACM New York, NY, USA}
}

@inproceedings{bollacker2007platform,
    title={A Platform for Scalable, Collaborative, Structured Information Integration},
    author={Bollacker, Kurt and Tufts, Patrick and Pierce, Tomi and others},
    booktitle={Proceedings of the 9th International Conference on Information Integration and Web Based Applications and Services},
    pages={22--27},
    year={2007}
}

@article{lehmann2015dbpedia,
    title={Dbpedia--A Large-scale, Multilingual Knowledge Base Extracted from Wikipedia},
    author={Lehmann, Jens and Isele, Robert and Jakob, Max and others},
    journal={Semantic Web},
    volume={6},
    number={2},
    pages={167--195},
    year={2015},
    publisher={IOS Press}
}

@inproceedings{hoffart2011yago2,
    title={YAGO2: Exploring and Querying World Knowledge in Time, Space, Context, and Many Languages},
    author={Hoffart, Johannes and Suchanek, Fabian M and Berberich, Klaus and others},
    booktitle={Proceedings of the 20th International Conference Companion on World Wide Web},
    pages={229--232},
    year={2011}
}

@article{vrandevcic2014wikidata,
    title={Wikidata: A Free Collaborative Knowledgebase},
    author={Vrande{\v{c}}i{\'c}, Denny and Kr{\"o}tzsch, Markus},
    journal={Communications of the ACM},
    volume={57},
    number={10},
    pages={78--85},
    year={2014},
    publisher={ACM New York, NY, USA}
}

@article{miller2007wordnet,
    title={WordNet Then and Now},
    author={Miller, George A and Fellbaum, Christiane},
    journal={Language Resources and Evaluation},
    volume={41},
    number={2},
    pages={209--214},
    year={2007},
    publisher={Springer}
}

@article{lenat1995cyc,
    title={CYC: A Large-scale Investment in Knowledge Infrastructure},
    author={Lenat, Douglas B},
    journal={Communications of the ACM},
    volume={38},
    number={11},
    pages={33--38},
    year={1995},
    publisher={ACM New York, NY, USA}
}

@inproceedings{niu2011zhishi,
    title={Zhishi.me-Weaving Chinese Linking Open Data},
    author={Niu, Xing and Sun, Xinruo and Wang, Haofen and others},
    booktitle={Proceedings of the 10th International Semantic Web Conference},
    pages={205--220},
    year={2011},
    organization={Springer}
}

@inproceedings{xu2017cn,
    title={CN-DBpedia: A Never-ending Chinese Knowledge Extraction System},
    author={Xu, Bo and Xu, Yong and Liang, Jiaqing and others},
    booktitle={Proceedings of the 30th International Conference on Industrial, Engineering and Other Applications of Applied Intelligent Systems},
    pages={428--438},
    year={2017},
    organization={Springer}
}

misc{shrivastava_2017, 
    journal={Bring Rich Knowledge of People, Places, Things and Local Businesses to Your App}, 
    url={https://blogs.bing.com/search-quality-insights/2017-07/bring-rich-knowledge-of-people-places-things-and-local-businesses-to-your-apps},
    publisher={Bing and Cortana Ecosystem Team}, 
    author={Shrivastava, Saurabh}, 
    year={2017}
} 

misc{Qi_2016, 
    url={https://engineering.linkedin.com/blog/2016/10/building-the-linkedin-knowledge-graph},
    journal={Building The LinkedIn Knowledge Graph}, 
    publisher={LinkedIn}, 
    author={Qi, He}, 
    year={2016}
}

misc{Spencer_2018, 
    url={https://medium.com/airbnb-engineering/scaling-knowledge-access-and-retrieval-at-airbnb-665b6ba21e95},
    journal={Scaling Knowledge Access and Retrieval at Airbnb}, 
    publisher={Airbnb}, 
    author={Spencer, Chang}, 
    year={2018}
}

misc{Krishnan_2018, 
    url={https://www.aboutamazon.com/news/innovation-at-amazon/making-search-easier},
    journal={Making search easier: How Amazon’s Product Graph Is Helping Customers Find Products More Easily}, 
    publisher={Amazon}, 
    author={Krishnan, Arun}, 
    year={2018}
}

@inproceedings{bellomarini2019knowledge,
    title={Knowledge Graphs and Enterprise AI: the Promise of an Enabling Technology},
    author={Bellomarini, Luigi and Fakhoury, Daniele and Gottlob, Georg and others},
    booktitle={Proceedings of the 35th International Conference on Data Engineering},
    pages={26--37},
    year={2019},
    organization={IEEE}
}

@inproceedings{wang2013xlore,
    title={XLore: A Large-scale English-Chinese Bilingual Knowledge Graph},
    author={Wang, Zhigang and Li, Juanzi and Wang, Zhichun and others},
    booktitle={Proceedings of the 12th International Semantic Web Conference},
    pages={121--124},
    year={2013}
}

@inproceedings{xu2021alime,
    title={AliMe MKG: A Multi-modal Knowledge Graph for Live-streaming E-commerce},
    author={Xu, Guohai and Chen, Hehong and Li, Feng-Lin and others},
    booktitle={Proceedings of the 30th ACM International Conference on Information and Knowledge Management},
    pages={4808--4812},
    year={2021}
}

@inproceedings{wei2020analysis,
    title={Analysis of Public Opinion on Weibo and Construction of Knowledge Gragh},
    author={Wei, Dandan and Zhao, Chunxiao and Zhang, Boxuan and others},
    booktitle={Proceedings of the 19th International Symposium on Distributed Computing and Applications for Business Engineering and Science},
    pages={291--294},
    year={2020},
    organization={IEEE}
}

@article{chen2022rlpath,
    title={RLPath: A Knowledge Graph Link Prediction Method using Reinforcement Learning Based Attentive Relation Path Searching and Representation Learning},
    author={Chen, Ling and Cui, Jun and Tang, Xing and others},
    journal={Applied Intelligence},
    volume={52},
    number={4},
    pages={4715--4726},
    year={2022},
    publisher={Springer}
}

@article{wang2021transet,
    title={Transet: Knowledge Graph Embedding with Entity Types},
    author={Wang, Peng and Zhou, Jing and Liu, Yuzhang and others},
    journal={Electronics},
    volume={10},
    number={12},
    pages={1407},
    year={2021},
    publisher={MDPI}
}

@article{lu2022dense,
    title={DensE: An Enhanced Non-commutative Representation for Knowledge Graph Embedding with Adaptive Semantic Hierarchy},
    author={Lu, Haonan and Hu, Hailin and Lin, Xiaodong},
    journal={Neurocomputing},
    volume={476},
    pages={115--125},
    year={2022},
    publisher={Elsevier}
}

@inproceedings{ebisu2018toruse,
    title={TorusE: Knowledge Graph Embedding on a Lie Group},
    author={Ebisu, Takuma and Ichise, Ryutaro},
    booktitle={Proceedings of the 32nd AAAI Conference on Artificial Intelligence},
    pages={1819--1826},
    year={2018}
}

@inproceedings{trouillon2016complex,
    title={Complex Embeddings for Simple Link Prediction},
    author={Trouillon, Th{\'e}o and Welbl, Johannes and Riedel, Sebastian and others},
    booktitle={Proceedings of the 33rd International Conference on Machine Learning},
    pages={2071--2080},
    year={2016},
    organization={PMLR}
}

@inproceedings{he2015learning,
    title={Learning to Represent Knowledge Graphs with Gaussian Embedding},
    author={He, Shizhu and Liu, Kang and Ji, Guoliang and others},
    booktitle={Proceedings of the 24th ACM International on Conference on Information and Knowledge Management},
    pages={623--632},
    year={2015}
}

@inproceedings{sachan2020knowledge,
    title={Knowledge Graph Embedding Compression},
    author={Sachan, Mrinmaya},
    booktitle={Proceedings of the 58th Annual Meeting of the Association for Computational Linguistics},
    pages={2681--2691},
    year={2020}
}

@inproceedings{pan2021hyperbolic,
    title={Hyperbolic Hierarchy-Aware Knowledge Graph Embedding for Link Prediction},
    author={Pan, Zhe and Wang, Peng},
    booktitle={Proceedings of the 26th Empirical Methods in Natural Language Processing},
    pages={2941--2948},
    year={2021}
}

@inproceedings{xiao2017ssp,
    title={SSP: Semantic Space Projection for Knowledge Graph Embedding with Text Descriptions},
    author={Xiao, Han and Huang, Minlie and Meng, Lian and others},
    booktitle={Proceedings of the 31st AAAI Conference on Artificial Intelligence},
    volume={31},
    number={1},
    year={2017}
}

@inproceedings{peng2020lineare,
    title={Lineare: Simple but Powerful Knowledge Graph Embedding for Link Prediction},
    author={Peng, Yanhui and Zhang, Jing},
    booktitle={Proceedings of the 20th IEEE International Conference on Data Mining},
    pages={422--431},
    year={2020},
    organization={IEEE}
}

@inproceedings{ji2015knowledge,
    title={Knowledge Graph Embedding via Dynamic Mapping Matrix},
    author={Ji, Guoliang and He, Shizhu and Xu, Liheng and others},
    booktitle={Proceedings of the 53rd Annual Meeting of the Association for Computational Linguistics},
    pages={687--696},
    year={2015}
}

@article{jiang2021kernel,
    title={Kernel Multi-attention Neural Network for Knowledge Graph Embedding},
    author={Jiang, Dan and Wang, Ronggui and Yang, Juan and others},
    journal={Knowledge-based Systems},
    volume={227},
    pages={107188},
    year={2021},
    publisher={Elsevier}
}

@article{wang2017knowledge,
    title={Knowledge Graph Embedding: A Survey of Approaches and Applications},
    author={Wang, Quan and Mao, Zhendong and Wang, Bin and others},
    journal={IEEE Transactions on Knowledge and Data Engineering},
    volume={29},
    number={12},
    pages={2724--2743},
    year={2017},
    publisher={IEEE}
}

@inproceedings{vu2019capsule,
    title={A Capsule Network-based Embedding Model for Knowledge Graph Completion and Search Personalization},
    author={Vu, Thanh and Nguyen, Tu Dinh and Nguyen, Dat Quoc and others},
    booktitle={Proceedings of the 13th Conference of the North American Chapter of the Association for Computational Linguistics: Human Language Technologies},
    pages={2180--2189},
    year={2019}
}

@article{chen2020review,
    title={A Review: Knowledge Reasoning over Knowledge Graph},
    author={Chen, Xiaojun and Jia, Shengbin and Xiang, Yang},
    journal={Expert Systems with Applications},
    volume={141},
    pages={112948},
    year={2020},
    publisher={Elsevier}
}

@article{jagvaral2020path,
    title={Path-based Reasoning Approach for Knowledge Graph Completion using CNN-BiLSTM with Attention Mechanism},
    author={Jagvaral, Batselem and Lee, Wan-Kon and Roh, Jae-Seung and others},
    journal={Expert Systems with Applications},
    volume={142},
    pages={112960},
    year={2020},
    publisher={Elsevier}
}

@article{zhao2021target,
    title={Target relational attention-oriented knowledge graph reasoning},
    author={Zhao, Xiaojuan and Jia, Yan and Li, Aiping and others},
    journal={Neurocomputing},
    volume={461},
    pages={577--586},
    year={2021},
    publisher={Elsevier}
}

@article{he2021heuristic,
    title={A Heuristic Grafting Strategy for Manufacturing Knowledge Graph Extending and Completion based on Nature Language Processing: KnowTree},
    author={He, Longlong and Dong, Bo and Jiang, Pingyu},
    journal={IEEE Access},
    volume={9},
    pages={90847--90862},
    year={2021},
    publisher={IEEE}
}

@inproceedings{wang2018deep,
    title={Deep Reasoning with Knowledge Graph for Social Relationship Understanding},
    author={Wang, Zhouxia and Chen, Tianshui and Ren, Jimmy and others},
    booktitle={Proceedings of the 27th International Joint Conference on Artificial Intelligence},
    pages={1021--1028},
    year={2018}
}

@article{bordes2013translating,
    title={Translating Embeddings for Modeling Multi-relational Data},
    author={Bordes, Antoine and Usunier, Nicolas and Garcia-Duran, Alberto and others},
    journal={Advances in Neural Information Processing Systems},
    volume={26},
    year={2013}
}

@inproceedings{toms2013,
    title={Efficient Estimation of Word Representations in Vector Space},
    author={Toms, Mikolov and Kai, Chen and Greg, Corrado and others},
    booktitle={Proceedings of the 1st International Conference on Learning Representations Scottsdale},
    year={2013}
}

@inproceedings{wang2014knowledge,
    title={Knowledge Graph Embedding by Translating on Hyperplanes},
    author={Wang, Zhen and Zhang, Jianwen and Feng, Jianlin and others},
    booktitle={Proceedings of the 28th AAAI Conference on Artificial Intelligence},
    volume={28},
    number={1},
    year={2014}
}

@inproceedings{lin2015learning,
    title={Learning Entity and Relation Embeddings for Knowledge Graph Completion},
    author={Lin, Yankai and Liu, Zhiyuan and Sun, Maosong and others},
    booktitle={Proceedings of the 29th AAAI Conference on Artificial Intelligence},
    pages={2181--2187},
    year={2015}
}

@inproceedings{fan2014transition,
    title={Transition-based Knowledge Graph Embedding With Relational Mapping Properties},
    author={Fan, Miao and Zhou, Qiang and Chang, Emily and others},
    booktitle={Proceedings of the 28th Pacific Asia Conference on Language, Information and Computing},
    pages={328--337},
    year={2014}
}

@inproceedings{xiao2016one,
    title={From One Point to a Manifold: Knowledge Graph Embedding for Precise Link Prediction},
    author={Xiao, Han and Huang, Minlie and Zhu, Xiaoyan},
    booktitle={Proceedings of the 25th International Joint Conference on Artificial Intelligence},
    pages={1315--1321},
    year={2016}
}

@article{xiao2015transa,
    title={TransA: An Adaptive Approach for Knowledge Graph Embedding},
    author={Xiao, Han and Huang, Minlie and Hao, Yu and others},
    journal={arXiv preprint arXiv:1509.05490},
    year={2015}
}

@inproceedings{nickel2011three,
    title={A Three-way Model for Collective Learning on Multi-relational Data},
    author={Nickel, Maximilian and Tresp, Volker and Kriegel, Hans-Peter},
    booktitle={Proceedings of the 28th International Conference on International Conference on Machine Learning},
    pages={809--816},
    year={2011}
}

@inproceedings{yang2015embedding,
    title={Embedding Entities and Relations for Learning and Inference in Knowledge Bases},
    author={Yang, Bishan and Yih, Scott Wen-tau and He, Xiaodong and others},
    booktitle={Proceedings of the 3rd International Conference on Learning Representations},
    year={2015}
}

@inproceedings{sun2018rotate,
    title={RotatE: Knowledge Graph Embedding by Relational Rotation in Complex Space},
    author={Sun, Zhiqing and Deng, Zhi-Hong and Nie, Jian-Yun and others},
    booktitle={Proceedings of the 6th International Conference on Learning Representations},
    pages={905--910},
    year={2018}
}

@article{zhang2019quaternion,
    title={Quaternion Knowledge Graph Embeddings},
    author={Zhang, Shuai and Tay, Yi and Yao, Lina and others},
    journal={Advances in Neural Information Processing Systems},
    volume={32},
    year={2019}
}

@inproceedings{wang2021neighborhood,
    title={Neighborhood Intervention Consistency: Measuring Confidence for Knowledge Graph Link Prediction},
    author={Wang, Kai and Liu, Yu and Sheng, Quan Z},
    booktitle={Proceedings of the 30th International Joint Conference on Artificial Intelligence},
    pages={2090--2096},
    year={2021},
    organization={International Joint Conferences on Artificial Intelligence}
}

@inproceedings{feng2021should,
    title={Should Graph Convolution Trust Neighbors? A Simple Causal Inference Method},
    author={Feng, Fuli and Huang, Weiran and He, Xiangnan and others},
    booktitle={Proceedings of the 44th International ACM SIGIR Conference on Research and Development in Information Retrieval},
    pages={1208--1218},
    year={2021}
}

@article{yao2019kg,
    title={KG-BERT: BERT for knowledge graph completion},
    author={Yao, Liang and Mao, Chengsheng and Luo, Yuan},
    journal={arXiv preprint arXiv:1909.03193},
    year={2019}
}

@article{wang2021kepler,
    title={KEPLER: A unified model for knowledge embedding and pre-trained language representation},
    author={Wang, Xiaozhi and Gao, Tianyu and Zhu, Zhaocheng and Zhang, Zhengyan and Liu, Zhiyuan and Li, Juanzi and Tang, Jian},
    journal={Transactions of the Association for Computational Linguistics},
    volume={9},
    pages={176--194},
    year={2021},
    publisher={MIT Press}
}

@inproceedings{wang2019deeppath,
    title={DeepPath: Path-driven Testing Criteria for Deep Neural Networks},
    author={Wang, Dong and Wang, Ziyuan and Fang, Chunrong and others},
    booktitle={Proceedings of the 1st IEEE International Conference On Artificial Intelligence Testing},
    pages={119--120},
    year={2019},
    organization={IEEE}
}

@article{richardson2006markov,
    title={Markov Logic Networks},
    author={Richardson, Matthew and Domingos, Pedro},
    journal={Machine learning},
    volume={62},
    number={1},
    pages={107--136},
    year={2006},
    publisher={Springer}
}

@article{qu2019probabilistic,
    title={Probabilistic Logic Neural Networks for Reasoning},
    author={Qu, Meng and Tang, Jian},
    journal={Advances in Neural Information Processing Systems},
    volume={32},
    year={2019}
}

@inproceedings{de2007problog,
    title={ProbLog: A Probabilistic Prolog and Its Application in Link Discovery},
    author={De Raedt, Luc and Kimmig, Angelika and Toivonen, Hannu},
    booktitle={Proceedings of the 20th International Joint Conference on Artifical Intelligence},
    pages={2468--2473},
    year={2007}
}

@inproceedings{dettmers2018convolutional,
    title={Convolutional 2D Knowledge Graph Embeddings},
    author={Dettmers, Tim and Minervini, Pasquale and Stenetorp, Pontus and others},
    booktitle={Proceedings of the 32nd AAAI Conference on Artificial Intelligence},
    pages={1811--1818},
    year={2018}
}

@inproceedings{nguyen2018novel,
    title={A Novel Embedding Model for Knowledge Base Completion Based on Convolutional Neural Network},
    author={Nguyen, Tu Dinh and Nguyen, Dat Quoc and Phung, Dinh and others},
    booktitle={Proceedings of the 12th Conference of the North American Chapter of the Association for Computational Linguistics},
    pages={327--333},
    year={2018}
}

@inproceedings{balazevic2019hypernetwork,
    title={Hypernetwork Knowledge Graph Embeddings},
    author={Balazevic, Ivana and Allen, Carl and Hospedales, Timothy M},
    booktitle={Proceedings of the 28th International Conference on Artificial Neural Networks},
    pages={553--565},
    year={2019},
    organization={Springer International Publishing}
}

@inproceedings{schlichtkrull2018modeling,
    title={Modeling Relational Data with Graph Convolutional Networks},
    author={Schlichtkrull, Michael and Kipf, Thomas N and Bloem, Peter and others},
    booktitle={Proceedings of the 15th Extended Semantic Web Conference},
    pages={593--607},
    year={2018},
    organization={Springer, Cham}
}

@inproceedings{shang2019end,
    title={End-to-end Structure-aware Convolutional Networks for Knowledge Base Completion},
    author={Shang, Chao and Tang, Yun and Huang, Jing and others},
    booktitle={Proceedings of the 33rd AAAI Conference on Artificial Intelligence},
    pages={3060--3067},
    year={2019}
}

@inproceedings{das2018go,
    title={Go For A Walk and Arrive at the Answer: Reasoning Over Paths in Knowledge Bases using Reinforcement Learning},
    author={Das, Rajarshi and Dhuliawala, Shehzaad and Zaheer, Manzil and others},
    booktitle={Proceedings of the 6th International Conference on Learning Representations},
    year={2018}
}

@inproceedings{lin2018multi,
    title={Multi-Hop Knowledge Graph Reasoning with Reward Shaping},
    author={Lin, Xi Victoria and Socher, Richard and Xiong, Caiming},
    booktitle={Proceedings of the 23rd Conference on Empirical Methods in Natural Language Processing},
    pages={3243--3253},
    year={2018}
}

@article{shen2018m,
    title={M-walk: Learning to Walk Over Graphs Using Monte Carlo Tree Search},
    author={Shen, Yelong and Chen, Jianshu and Huang, Po-Sen and others},
    journal={Advances in Neural Information Processing Systems},
    volume={31},
    year={2018}
}

@inproceedings{teru2020inductive,
    title={Inductive Relation Prediction by Subgraph Reasoning},
    author={Teru, Komal K and Denis, Etienne G and Hamilton, William L},
    booktitle={Proceedings of the 37th International Conference on Machine Learning},
    pages={9448--9457},
    year={2020}
}

@article{du2019cognitive,
    title={Cognitive Knowledge Graph Reasoning for One-shot Relational Learning},
    author={Du, Zhengxiao and Zhou, Chang and Ding, Ming and others},
    journal={arXiv preprint arXiv:1906.05489},
    year={2019}
}

@inproceedings{xu2019dynamically,
    title={Dynamically Pruned Message Passing Networks for Large-scale Knowledge Graph Reasoning},
    author={Xu, Xiaoran and Feng, Wei and Jiang, Yunsheng and others},
    booktitle={Proceedings of the 7th International Conference on Learning Representations},
    year={2019}
}

@article{cohen2016tensorlog,
    title={Tensorlog: A Differentiable Deductive Database},
    author={Cohen, William W},
    journal={arXiv preprint arXiv:1605.06523},
    year={2016}
}

@article{yang2017differentiable,
    title={Differentiable Learning of Logical Rules for Knowledge Base Reasoning},
    author={Yang, Fan and Yang, Zhilin and Cohen, William W},
    journal={Advances in Neural Information Processing Systems},
    volume={30},
    year={2017}
}

@inproceedings{yang2019learn,
    title={Learn To Explain Efficiently via Neural Logic Inductive Learning},
    author={Yang, Yuan and Song, Le},
    booktitle={Proceedings of the 8th International Conference on Learning Representations},
    year={2019}
}

@inproceedings{saxena2020improving,
    title={Improving Multi-hop Question Answering Over Knowledge Graphs Using Knowledge Base Embeddings},
    author={Saxena, Apoorv and Tripathi, Aditay and Talukdar, Partha},
    booktitle={Proceedings of the 58th Annual Meeting of the Association for Computational Linguistics},
    pages={4498--4507},
    year={2020}
}

@inproceedings{yang2018hotpotqa,
    title={HotpotQA: A Dataset for Diverse, Explainable Multi-hop Question Answering},
    author={Yang, Zhilin and Qi, Peng and Zhang, Saizheng and others},
    booktitle={Proceedings of the 23rd Conference on Empirical Methods in Natural Language Processing},
    pages={2369--2380},
    year={2018}
}

# 知识图谱表示学习
@article{yao2021survey,
    title={A Survey on Causal Inference},
    author={Yao, Liuyi and Chu, Zhixuan and Li, Sheng others},
    journal={ACM Transactions on Knowledge Discovery from Data},
    volume={15},
    number={5},
    pages={1--46},
    year={2021},
    publisher={ACM New York, NY, USA}
}

@inproceedings{chen2020measuring,
    title={Measuring and Relieving the Over-smoothing Problem for Graph Neural Networks from the Topological View},
    author={Chen, Deli and Lin, Yankai and Li, Wei and others},
    booktitle={Proceedings of the 34th AAAI Conference on Artificial Intelligence},
    volume={34},
    number={04},
    pages={3438--3445},
    year={2020}
}

@article{knyazev2019understanding,
    title={Understanding Attention and Generalization In Graph Neural Networks},
    author={Knyazev, Boris and Taylor, Graham W and Amer, Mohamed},
    journal={Advances in Neural Information Processing Systems},
    volume={32},
    year={2019}
}

# 知识推理
@article{gronauer2022multi,
    title={Multi-agent Deep Reinforcement Learning: A Survey},
    author={Gronauer, Sven and Diepold, Klaus},
    journal={Artificial Intelligence Review},
    pages={1--49},
    year={2022},
    publisher={Springer}
}

# 实验
@inproceedings{toutanova2015representing,
    title={Representing Text for Joint Embedding of Text and Knowledge Bases},
    author={Toutanova, Kristina and Chen, Danqi and Pantel, Patrick and others},
    booktitle={Proceedings of the 20th Conference on Empirical Methods in Natural Language Processing},
    pages={1499--1509},
    year={2015}
}

@inproceedings{lv2020dynamic,
    title={Dynamic Anticipation and Completion for Multi-Hop Reasoning over Sparse Knowledge Graph},
    author={Lv, Xin and Han, Xu and Hou, Lei and others},
    booktitle={Proceedings of the 25th Conference on Empirical Methods in Natural Language Processing},
    pages={5694--5703},
    year={2020}
}

@inproceedings{bollacker2008freebase,
    title={Freebase: A Collaboratively Created Graph Database for Structuring Human Knowledge},
    author={Bollacker, Kurt and Evans, Colin and Paritosh, Praveen and others},
    booktitle={Proceedings of the 27th ACM SIGMOD International Conference on Management of Data},
    pages={1247--1250},
    year={2008}
}

@inproceedings{glorot2010understanding,
    title={Understanding The Difficulty of Training Deep Feedforward Neural Networks},
    author={Glorot, Xavier and Bengio, Yoshua},
    booktitle={Proceedings of the 13th International Conference on Artificial Intelligence and Statistics},
    pages={249--256},
    year={2010},
    organization={JMLR Workshop and Conference Proceedings}
}

@inproceedings{carlson2010toward,
    title={Toward An Architecture for Never-ending Language Learning},
    author={Carlson, Andrew and Betteridge, Justin and Kisiel, Bryan and others},
    booktitle={Proceedings of the 24th AAAI Conference on Artificial Intelligence},
    volume={24},
    number={1},
    pages={1306--1313},
    year={2010}
}

@article{hoyt2022unified,
    title={A Unified Framework for Rank-based Evaluation Metrics for Link Prediction in Knowledge Graphs},
    author={Hoyt, Charles Tapley and Berrendorf, Max and Gaklin, Mikhail and others},
    journal={arXiv preprint arXiv:2203.07544},
    year={2022}
}

@inproceedings{xiong2017deeppath,
    title={DeepPath: A Reinforcement Learning Method for Knowledge Graph Reasoning},
    author={Xiong, Wenhan and Hoang, Thien and Wang, William Yang},
    booktitle={Proceedings of the 22nd Conference on Empirical Methods in Natural Language Processing},
    pages={564--573},
    year={2017}
}

@inproceedings{wan2021reasoning,
    title={Reasoning Like Human: Hierarchical Reinforcement Learning for Knowledge Graph Reasoning},
    author={Wan, Guojia and Pan, Shirui and Gong, Chen and others},
    booktitle={Proceedings of the 29th International Conference on International Joint Conferences on Artificial Intelligence},
    pages={1926--1932},
    year={2021}
}

# 结论
@article{abramowicz2002poincare,
    title={Poincar{\'e} Ball Embeddings of the Optical Geometry},
    author={Abramowicz, MA and Bengtsson, I and Karas, V and others},
    journal={Classical and Quantum Gravity},
    volume={19},
    number={15},
    pages={3963},
    year={2002},
    publisher={IOP Publishing}
}

@inproceedings{pengvariational,
  title={Variational Discriminator Bottleneck: Improving Imitation Learning, Inverse RL, and GANs by Constraining Information Flow},
  author={Peng, Xuebin and Kanazawa, Angjoo and Toyer, Sam and others},
  booktitle={Proceedings of the 7th International Conference on Learning Representations},
  year={2019}
}